%references.bib

@article{andrieu2010particle,
author = {Andrieu, Christophe and Doucet, Arnaud and Holenstein, Roman},
title = {Particle Markov chain Monte Carlo methods},
journal = {Journal of the Royal Statistical Society: Series B (Statistical Methodology)},
volume = {72},
number = {3},
pages = {269-342},
keywords = {Bayesian inference, Markov chain Monte Carlo methods, Sequential Monte Carlo methods, State space models},
doi = {https://doi.org/10.1111/j.1467-9868.2009.00736.x},
url = {https://rss.onlinelibrary.wiley.com/doi/abs/10.1111/j.1467-9868.2009.00736.x},
eprint = {https://rss.onlinelibrary.wiley.com/doi/pdf/10.1111/j.1467-9868.2009.00736.x},
year = {2010}
}

